<collection xmlns="http://www.loc.gov/MARC21/slim">
<record>
  <leader>00414na 0a22001091i 450 </leader>
  <controlfield tag="001">IT\ICCU\CNCE\040979</controlfield>
  <controlfield tag="005">19981120000000.0</controlfield>
  <datafield tag="100" ind1=" " ind2=" ">
    <subfield code="a">19981120             0itac0103    ba</subfield>
  </datafield>
  <datafield tag="101" ind1=" " ind2=" ">
    <subfield code="a">ITA</subfield>
  </datafield>
  <datafield tag="200" ind1="1" ind2=" ">
    <subfield code="a">Bolle pontificie, decreti del sacro Concilio di Trento, editti, et auuertimenti nostri, da publicarsi nelle Chiese della Citta, &amp; Diocese di Crema,</subfield>
  </datafield>
  <datafield tag="710" ind1="0" ind2="2">
    <subfield code="a">Crema</subfield>
    <subfield code="c"> &lt;Diocesi&gt;</subfield>
    <subfield code="3">IT\ICCU\CNCT\003709</subfield>
  </datafield>
  <datafield tag="801" ind1=" " ind2="3">
    <subfield code="a">IT</subfield>
    <subfield code="b">ICCU</subfield>
    <subfield code="c">20201114</subfield>
  </datafield>
</record>
</collection>
